% Encoding: UTF-8

@misc{pKa-prospector-ref,
  title = {OpenEye pKa Prospector},
  howpublished = {\url{https://www.eyesopen.com/pka-prospector}},
  note = {OpenEye Scientific Software, Santa Fe, NM. Accessed on Jan 23, 2018.}
}

@misc{ACD-pKa-galas,
  title = {ACD/pKa GALAS (ACD/Percepta Kernel v1.6)},
  howpublished = {\url{https://www.acdlabs.com/products/percepta/predictors/pKa/}},
  note = {Advanced Chemistry Development, Inc., Toronto, ON, Canada, 2018}
}

@misc{ACD-pKa-classic,
  title = {ACD/pKa Classic (ACD/Percepta Kernel v1.6)},
  howpublished = {\url{https://www.acdlabs.com/products/percepta/predictors/pKa/}},
  note = {Advanced Chemistry Development, Inc., Toronto, ON, Canada, 2018}
}

@misc{simulation-plus-pKa,
  title = {Simulations Plus ADMET Predictor v8.5},
  howpublished = {\url{https://www.simulations-plus.com/software/admetpredictor/physicochemical-biopharmaceutical/}},
  note = {Simulations Plus, Lancaster, CA, 2018}
}

@misc{chemicalize-pKa,
  title = {Chemicalize v18.23 (ChemAxon MarvinSketch v18.23)},
  howpublished = {\url{https://docs.chemaxon.com/display/docs/pKa+Plugin}},
  note = {ChemAxon, Budapest, Hungary, 2018}
}

@misc{moka-pKa,
  title = {MoKa},
  howpublished = {\url{https://www.moldiscovery.com/software/moka/}},
  note = {Molecular Discovery, Hertfordshire, UK, 2018}
}

@misc{oedepict_openeye_2017,
  title = {OEDepict Toolkit 2017.Feb.1 },
  howpublished = {\url{http://www.eyesopen.com.}},
  note = {OpenEye Scientific Software, Santa Fe, NM.}
}

@misc{oemolprop_openeye_2017,
  title = {OEMolProp Toolkit 2017.Feb.1 },
  howpublished = {\url{http://www.eyesopen.com.}},
  note = {OpenEye Scientific Software, Santa Fe, NM.}
}

@misc{quacpac_openeye_2017,
  title = {QUACPAC Toolkit 2017.Feb.1 },
  howpublished = {\url{http://www.eyesopen.com.}},
  note = {OpenEye Scientific Software, Santa Fe, NM.}
}

@misc{JCAMD_special_issue_pKa,
  title        = {Special Issue: SAMPL6 (Statistical Assessment of the Modeling of Proteins and Ligands)},
  howpublished = {Journal of Computer-Aided Molecular Design},
  year         = {October 2018},
  note = {Volume 32, Issue 10}
  
}