@article{Bannan:2016:J.Chem.TheoryComput.,
  title = {Calculating {{Partition Coefficients}} of {{Small Molecules}} in {{Octanol}}/{{Water}} and {{Cyclohexane}}/{{Water}}},
  author = {Bannan, Caitlin C. and Calabr{\'o}, Gaetano and Kyu, Daisy Y. and Mobley, David L.},
  year = {2016},
  month = aug,
  volume = {12},
  pages = {4015--4024},
  issn = {1549-9618, 1549-9626},
  doi = {10.1021/acs.jctc.6b00449},
  file = {/Users/isikm/Zotero/storage/DE3R7LQJ/Bannan et al. - 2016 - Calculating Partition Coefficients of Small Molecu.pdf},
  journal = {Journal of Chemical Theory and Computation},
  language = {en},
  number = {8}
}